@Online{shiftregister,
	author     = {Texas Instruments},
	title      = {SNx4HC595 8-Bit Shift Registers With 3-State Output Registers},
	url        = {https://www.ti.com/lit/ds/scls041j/scls041j.pdf},
	%urlday     = {30},
	%urlmonth   = {10},
	%urlyear    = {2021},
}

@Online{h-brug,
	author     = {Texas Instruments},
	title      = {L293x Quadruple Half-H Drivers},
	url        = {https://www.ti.com/lit/ds/symlink/l293.pdf},
	%urlday     = {30},
	%urlmonth   = {1},
	%urlyear    = {2016},
}

@Online{AXIS,
	author     = {Bosch},
	title      = {BNO055 - Intelligent 9-axis absolute orientation sensor},
	url        = {https://cdn-shop.adafruit.com/datasheets/BST_BNO055_DS000_12.pdf},
	%urlday     = {30},
	%urlmonth   = {11},
	%urlyear    = {2014}
}

@Online{KY023,
	author     = {Joy-IT},
	title      = {JOYSTICK MODUL - Joystick Modul mit Druckknopffunktion},
	url        = {https://www.joy-it.net/en/products/COM-KY023JM},
	%urlday     = {4},
	%urlmonth   = {6},
	%urlyear    = {2019}
}


@Online{ILI3941,
	author     = {ILITEK},
	title      = {BNO055 - Intelligent 9-axis absolute orientation sensor},
	url        = {https://cdn-shop.adafruit.com/datasheets/ILI9341.pdf},
	%urlday     = {4},
	%urlmonth   = {6},
	%urlyear    = {2019}
}

@Online{ESP32,
	author     = {Espressif},
	title      = {ESP32 Series},
	url        = {https://www.espressif.com/sites/default/files/documentation/esp32_datasheet_en.pdf},
	%urlday     = {30},
	%urlmonth   = {11},
	%urlyear    = {2023}
}

@Online{ESP8266,
	author     = {Espressif},
	title      = {ESP8266EX},
	url        = {https://www.espressif.com/sites/default/files/documentation/0a-esp8266ex_datasheet_en.pdf},
	%urlday     = {30},
	%urlmonth   = {11},
	%urlyear    = {2023}
}

@Online{WS2812B,
	author     = {WorldSemi},
	title      = {WS2812B},
	url        = {https://cdn-shop.adafruit.com/datasheets/WS2812B.pdf},
	%urlday     = {30},
	%urlmonth   = {11},
	%urlyear    = {2014}
}

@Online{IR-datasheet,
	author     = {ElectroDuino},
	title      = {IR-datasheet},
	url        = {https://www.electroduino.com/what-is-ir-sensor-module-how-ir-sensor-module-works/},
	%urlday     = {8},
	%urlmonth   = {6},
	%urlyear    = {2020}
}

@Online{HW-201-hardware,
	author     = {smartshop},
	title      = {HW-201-image},
	url        = {https://smarteshop.pk/product/hw201-ir-infrared-obstacle-avoidance-sensor-module/},
	%urlday     = {8},
	%urlmonth   = {6},
	%urlyear    = {2020}	
}

@Online{ArduinoMEGA,
	author     = {Arduino},
	title      = {Arduino Mega 2560 Rev3},
	url        = {https://docs.arduino.cc/hardware/mega-2560},
	%urlday     = {8},
	%urlmonth   = {6},
	%urlyear    = {2023}	
}

@Online{HC-SR04,
	author     = {Last Minute Engineers},
	title      = {HC-SR04},
	url        = {https://lastminuteengineers.com/arduino-sr04-ultrasonic-sensor-tutorial},
	%urlday     = {8},
	%urlmonth   = {6},
	%urlyear    = {2023}	
}


@Online{HW-201-schema,
	author     = {Circuit Digest},
	title      = {HW-201-schema},
	url        = {https://circuitdigest.com/microcontroller-projects/interfacing-ir-sensor-module-with-arduino},
	%urlday     = {30},
	%urlmonth   = {10},
	%urlyear    = {2021},
}

@Online{LM358-datasheet,
	author     = {Texas Instruments},
	title      = {LM358 datasheet},
	url        = {https://www.ti.com/lit/ds/symlink/lm358.pdf?ts=1680244572787},
	%urlday     = {30},
	%urlmonth   = {10},
	%urlyear    = {2021},
}

@Online{Functie-millis-info,
	author     = {UKHeliBob},
	title      = {Using millis() for timing},
	url        = {https://forum.arduino.cc/t/using-millis-for-timing-a-beginners-guide/483573},
	%urlday     = {1},
	%urlmonth   = {10},
	%urlyear    = {2021},
}

@Online{Aansturen-servo-zonder-library,
	author     = {admin},
	title      = {How to control servomotor without arduino servo library},
	url        = {https://www.eprojectszone.com/how-to-control-a-servomotor-without-arduino-servo-library/},
	%urlday     = {10},
	%urlmonth   = {2},
	%urlyear    = {2021},
}

@Online{Servo-general-info,
	author     = {admin},
	title      = {How to control servomotor without arduino servo library},
	url        = {https://www.eprojectszone.com/how-to-control-a-servomotor-without-arduino-servo-library/},
	%urlday     = {10},
	%urlmonth   = {2},
	%urlyear    = {2021},
}

@Online{HC-SR04-image-RL,
	author     = {nyerekatech},
	title      = {HC-SR04-image},
	url        = {https://nyerekatech.com/shop/hc-sr04-ultrasonic-sensor-distance-measuring-module/},
	%urlday     = {10},
	%urlmonth   = {2},
	%urlyear    = {2021},
}

@Online{HC-05-image-fysiek-RL,
	author     = {vdrelectronics},
	title      = {HC-05},
	url        = {https://www.vdrelectronics.com/p/hc-05-bluetooth-module-rf-transceiver-met-adapter-master-slave},
	%urlday     = {10},
	%urlmonth   = {2},
	%urlyear    = {2021},
}