 @misc{https://www.ti.com/, title={L293D Motor driver}, url={https://www.ti.com/product/L293D?keyMatch=L293D&amp;tisearch=search-everything&amp;usecase=GPN}, journal={https://www.ti.com/}, publisher={Texas Instruments}} 

  @misc{l293d data sheet, product information and support | ti.com, title={L293D motor driver}, url={https://www.ti.com/product/L293D?keyMatch=L293D&amp;tisearch=search-everything&amp;usecase=GPN}, journal={L293D data sheet, product information and support | TI.com}, publisher={Texas Instruments}} 